@article{bui2024apr4vul,
  title={APR4Vul: an empirical study of automatic program repair techniques on real-world Java vulnerabilities},
  author={Bui, Quang-Cuong and Paramitha, Ranindya and Vu, Duc-Ly and Massacci, Fabio and Scandariato, Riccardo},
  journal={Empirical software engineering},
  volume={29},
  number={1},
  pages={18},
  year={2024},
  publisher={Springer}
}


@article{Liu2018AVATARF,
  title={AVATAR : Fixing Semantic Bugs with Fix Patterns of Static Analysis Violations},
  author={Kui Liu and Anil Koyuncu and Dongsun Kim and T{\'e}gawend{\'e} F. Bissyand{\'e}},
  journal={ArXiv},
  year={2018},
  volume={abs/1812.07270},
  url={https://api.semanticscholar.org/CorpusID:56173188}
}

@article{AlBataineh2021TowardsMR,
  title={Towards More Reliable Automated Program Repair by Integrating Static Analysis Techniques},
  author={Omar I. Al-Bataineh and Anastasiia Grishina and Leon Moonen},
  journal={2021 IEEE 21st International Conference on Software Quality, Reliability and Security (QRS)},
  year={2021},
  pages={654-663},
  url={https://api.semanticscholar.org/CorpusID:243938463}
}

@article{Guo2024DataQI,
  title={Data Quality Issues in Vulnerability Detection Datasets},
  author={Yuejun Guo and Seifeddine Bettaieb},
  journal={ArXiv},
  year={2024},
  volume={abs/2410.06030},
  url={https://api.semanticscholar.org/CorpusID:274130300}
}